<?xml version="1.0" encoding="UTF-8"?><record xmlns="http://www.loc.gov/MARC21/slim" xmlns:cinclude="http://apache.org/cocoon/include/1.0" xmlns:zs="http://www.loc.gov/zing/srw/">
  <leader>00873cz  a2200193n  4500</leader>
  <controlfield tag="001">nr 94037167 </controlfield>
  <controlfield tag="003">DLC</controlfield>
  <controlfield tag="005">20150313073933.0</controlfield>
  <controlfield tag="008">941104n| azannaabn          |a ana     c</controlfield>
  <datafield tag="010" ind1=" " ind2=" ">
    <subfield code="a">nr 94037167 </subfield>
  </datafield>
  <datafield tag="035" ind1=" " ind2=" ">
    <subfield code="a">(OCoLC)oca03736023</subfield>
  </datafield>
  <datafield tag="040" ind1=" " ind2=" ">
    <subfield code="a">NIC</subfield>
    <subfield code="b">eng</subfield>
    <subfield code="e">rda</subfield>
    <subfield code="c">NIC</subfield>
    <subfield code="d">NNU-L</subfield>
  </datafield>
  <datafield tag="110" ind1="2" ind2=" ">
    <subfield code="a">University of Wollongong.</subfield>
    <subfield code="b">Centre for Natural Resources Law and Policy</subfield>
  </datafield>
  <datafield tag="370" ind1=" " ind2=" ">
    <subfield code="c">Australia</subfield>
    <subfield code="e">Wollongong (N.S.W.)</subfield>
    <subfield code="2">naf</subfield>
  </datafield>
  <datafield tag="372" ind1=" " ind2=" ">
    <subfield code="a">Environmental law</subfield>
    <subfield code="a">Natural resources--Law and legislation</subfield>
    <subfield code="2">lcsh</subfield>
  </datafield>
  <datafield tag="377" ind1=" " ind2=" ">
    <subfield code="a">eng</subfield>
  </datafield>
  <datafield tag="410" ind1="2" ind2=" ">
    <subfield code="a">University of Wollongong.</subfield>
    <subfield code="b">Faculty of Law.</subfield>
    <subfield code="b">Centre for Natural Resources Law and Policy</subfield>
  </datafield>
  <datafield tag="510" ind1="2" ind2=" ">
    <subfield code="w">r</subfield>
    <subfield code="i">Hierarchical superior:</subfield>
    <subfield code="a">University of Wollongong.</subfield>
    <subfield code="b">Faculty of Law</subfield>
  </datafield>
  <datafield tag="670" ind1=" " ind2=" ">
    <subfield code="a">The Australasian journal of natural resources law and policy, 1994:</subfield>
    <subfield code="b">cover (Centre for Natural Resources Law and Policy, Faculty of Law, University of Wollongong, Australia)</subfield>
  </datafield>
</record>